@BOOK{riemann1859,
  AUTHOR = {Riemann, Bernhard},
  PUBLISHER = {Monatsberichte der Berliner Akademie},
  DATE = {1859},
  TITLE = {Über die Anzahl der Primzahlen unter einer gegebenen Grösse},
}

@BOOK{titchmarsh1986,
  AUTHOR = {Titchmarsh, E. C.},
  PUBLISHER = {Oxford University Press},
  DATE = {1986},
  EDITION = {2nd},
  NOTE = {Revised by D. R. Heath-Brown},
  TITLE = {The Theory of the Riemann Zeta-Function},
}

@BOOK{edwards1974,
  AUTHOR = {Edwards, H. M.},
  PUBLISHER = {Academic Press},
  DATE = {1974},
  TITLE = {Riemann's Zeta Function},
}

@BOOK{mccarthy2013,
  AUTHOR = {McCarthy, Paul J.},
  PUBLISHER = {Springer},
  DATE = {2013},
  TITLE = {Introduction to Arithmetical Functions and Dirichlet Series},
}

@BOOK{helgason1999,
  AUTHOR = {Helgason, Sigurdur},
  PUBLISHER = {Birkhäuser},
  DATE = {1999},
  EDITION = {2nd},
  TITLE = {The Radon Transform},
}

@BOOK{koosis1988,
  AUTHOR = {Koosis, Paul},
  PUBLISHER = {Cambridge University Press},
  DATE = {1988},
  TITLE = {The Logarithmic Integral},
}

@BOOK{buzzard2009,
  AUTHOR = {Buzzard, Kevin},
  DATE = {2009},
  NOTE = {Lecture Notes, Imperial College London},
  TITLE = {Lectures on Siegel Modular Forms},
}

@BOOK{debranges1968,
  AUTHOR = {de Branges, Louis},
  PUBLISHER = {Prentice-Hall},
  DATE = {1968},
  TITLE = {Hilbert Spaces of Entire Functions},
}

@ARTICLE{conreyli2000,
  AUTHOR = {Conrey, J. Brian and Li, Xian-Jin},
  DATE = {2000},
  JOURNALTITLE = {International Mathematics Research Notices},
  NUMBER = {18},
  PAGES = {929--940},
  TITLE = {A note on some positivity conditions related to zeta and {L}-functions},
  VOLUME = {2000},
}

@ARTICLE{selberg1992,
  AUTHOR = {Selberg, Atle},
  DATE = {1992},
  JOURNALTITLE = {Proceedings of the Amalfi Conference on Analytic Number Theory},
  PAGES = {367--385},
  TITLE = {Old and new conjectures and results about a class of {D}irichlet series},
}

@ARTICLE{conreyghosh1993,
  AUTHOR = {Conrey, J. B. and Ghosh, A.},
  DATE = {1993},
  JOURNALTITLE = {Duke Mathematical Journal},
  NUMBER = {3},
  PAGES = {673--693},
  TITLE = {On the {S}elberg class of {D}irichlet series: small degrees},
  VOLUME = {72},
}

@ARTICLE{kaczorowskiperelli1999,
  AUTHOR = {Kaczorowski, Jerzy and Perelli, Alberto},
  DATE = {1999},
  JOURNALTITLE = {Acta Mathematica},
  PAGES = {207--241},
  TITLE = {On the structure of the {S}elberg class, {I}: $0 \leq d \leq 1$},
  VOLUME = {182},
}

@ARTICLE{kaczorowskiperelli2020,
  AUTHOR = {Kaczorowski, Jerzy and Perelli, Alberto},
  DATE = {2020},
  JOURNALTITLE = {Acta Arithmetica},
  PAGES = {1--31},
  TITLE = {On the structure of the {S}elberg class, {VIII}: Factorization and divisibility theorems},
  VOLUME = {193},
}

@ARTICLE{montgomery1973,
  AUTHOR = {Montgomery, Hugh L.},
  DATE = {1973},
  JOURNALTITLE = {Analytic Number Theory, Proceedings of Symposia in Pure Mathematics},
  PAGES = {181--193},
  TITLE = {The pair correlation of zeros of the zeta function},
  VOLUME = {24},
}

@ARTICLE{keatingsaith2000,
  AUTHOR = {Keating, J. P. and Snaith, N. C.},
  DATE = {2000},
  JOURNALTITLE = {Communications in Mathematical Physics},
  PAGES = {57--89},
  TITLE = {Random matrix theory and {$\zeta(1/2+it)$}},
  VOLUME = {214},
}

@ARTICLE{rodgerstao2020,
  AUTHOR = {Rodgers, Brad and Tao, Terence},
  DATE = {2020},
  JOURNALTITLE = {Forum of Mathematics, Pi},
  PAGES = {e6},
  TITLE = {The {D}e {B}ruijn-{N}ewman constant is non-negative},
  VOLUME = {8},
}

@ARTICLE{farmer2022,
  AUTHOR = {Farmer, David W.},
  DATE = {2022},
  JOURNALTITLE = {arXiv preprint},
  NOTE = {arXiv:2201.08483},
  TITLE = {Doubts about the {R}iemann {H}ypothesis},
}

@ARTICLE{bombieri1995,
  AUTHOR = {Bombieri, Enrico and Garrett, Paul},
  DATE = {1995},
  JOURNALTITLE = {Mathematical Research Letters},
  PAGES = {251--262},
  TITLE = {Symmetry breaking and spectral statistics of zeta zeros},
  VOLUME = {2},
}

@ARTICLE{heathbrown2024,
  AUTHOR = {Heath-Brown, D. R.},
  DATE = {2024},
  JOURNALTITLE = {Journal of Number Theory},
  NOTE = {To appear},
  TITLE = {Weyl sums and the {R}iemann zeta function},
}

@ARTICLE{favorov2024,
  AUTHOR = {Favorov, S. Y.},
  DATE = {2024},
  JOURNALTITLE = {Advances in Mathematics},
  TITLE = {Crystalline measures and {F}ourier quasicrystals},
  VOLUME = {440},
}

@ARTICLE{bourgain2014,
  AUTHOR = {Bourgain, Jean},
  DATE = {2017},
  JOURNALTITLE = {Journal of the American Mathematical Society},
  NUMBER = {1},
  PAGES = {205--224},
  TITLE = {Decoupling, exponential sums and the {R}iemann zeta function},
  VOLUME = {30},
}

@ARTICLE{odlyzko1985,
  AUTHOR = {Odlyzko, A. M.},
  DATE = {1987},
  JOURNALTITLE = {Mathematics of Computation},
  PAGES = {273--308},
  TITLE = {On the distribution of spacings between zeros of the zeta function},
  VOLUME = {48},
}

@ARTICLE{plattrigaux2020,
  AUTHOR = {Platt, David and Rigaux, Xavier},
  DATE = {2020},
  JOURNALTITLE = {Mathematics of Computation},
  PAGES = {2991--3010},
  TITLE = {Isolating some non-trivial zeros of zeta},
  VOLUME = {89},
}

@BOOK{marklof2007,
  AUTHOR = {Marklof, Jens},
  PUBLISHER = {Cambridge University Press},
  BOOKTITLE = {Hyperbolic Geometry and Applications in Quantum Chaos and Cosmology},
  DATE = {2012},
  TITLE = {Selberg's trace formula: an introduction},
}

@ARTICLE{bookerlee2016,
  AUTHOR = {Booker, Andrew R. and Lee, Min},
  DATE = {2016},
  JOURNALTITLE = {Forum Mathematicum},
  PAGES = {945--965},
  TITLE = {The {S}elberg trace formula as a {D}irichlet series},
  VOLUME = {28},
}

@ARTICLE{garciazacarias2019,
  AUTHOR = {García-García, Antonio M. and Zacarías, Salomon},
  DATE = {2019},
  JOURNALTITLE = {Physical Review Letters},
  TITLE = {Quantum {J}ackiw-{T}eitelboim gravity, {S}elberg trace formula, and random matrix theory},
  VOLUME = {123},
}

@ARTICLE{hardy1914,
  AUTHOR = {Hardy, G. H.},
  DATE = {1914},
  JOURNALTITLE = {Comptes Rendus de l'Académie des Sciences},
  PAGES = {1012--1014},
  TITLE = {Sur les zéros de la fonction {$\zeta(s)$} de {R}iemann},
  VOLUME = {158},
}

@ARTICLE{selberg1942,
  AUTHOR = {Selberg, Atle},
  DATE = {1942},
  JOURNALTITLE = {Skr. Norske Vid. Akad. Oslo},
  PAGES = {1--59},
  TITLE = {On the zeros of {R}iemann's zeta-function},
  VOLUME = {10},
}

@ARTICLE{conrey1989,
  AUTHOR = {Conrey, J. Brian},
  DATE = {1989},
  JOURNALTITLE = {Journal für die reine und angewandte Mathematik},
  PAGES = {1--26},
  TITLE = {More than two fifths of the zeros of the {R}iemann zeta function are on the critical line},
  VOLUME = {399},
}

@ARTICLE{ivic2003,
  AUTHOR = {Ivić, Aleksandar},
  PUBLISHER = {Springer},
  DATE = {2008},
  JOURNALTITLE = {The Riemann Hypothesis: A Resource for the Afficionado and Virtuoso Alike},
  PAGES = {131--160},
  TITLE = {On some reasons for doubting the {R}iemann hypothesis},
}

@ARTICLE{davenpoertheilbronn1936,
  AUTHOR = {Davenport, H. and Heilbronn, H.},
  DATE = {1936},
  JOURNALTITLE = {Journal of the London Mathematical Society},
  PAGES = {181--185,307--312},
  TITLE = {On the zeros of certain {D}irichlet series},
  VOLUME = {11},
}

@ARTICLE{berrykeating1999,
  AUTHOR = {Berry, M. V. and Keating, J. P.},
  DATE = {1999},
  JOURNALTITLE = {SIAM Review},
  PAGES = {236--266},
  TITLE = {The {R}iemann zeros and eigenvalue asymptotics},
  VOLUME = {41},
}

@ARTICLE{connes1999,
  AUTHOR = {Connes, Alain},
  DATE = {1999},
  JOURNALTITLE = {Selecta Mathematica},
  PAGES = {29--106},
  TITLE = {Trace formula in noncommutative geometry and the zeros of the {R}iemann zeta function},
  VOLUME = {5},
}

@ARTICLE{li1997,
  AUTHOR = {Li, Xian-Jin},
  DATE = {1997},
  JOURNALTITLE = {Journal of Number Theory},
  PAGES = {325--333},
  TITLE = {The positivity of a sequence of numbers and the {R}iemann hypothesis},
  VOLUME = {65},
}

@ARTICLE{weil1952,
  AUTHOR = {Weil, André},
  DATE = {1952},
  JOURNALTITLE = {Communications on Pure and Applied Mathematics},
  PAGES = {1--9},
  TITLE = {Sur les "formules explicites" de la théorie des nombres premiers},
  VOLUME = {5},
}

@ARTICLE{choi2025,
  AUTHOR = {Choi, J. and Kim, S. and Lee, H.},
  DATE = {2025},
  JOURNALTITLE = {arXiv preprint},
  NOTE = {arXiv:2501.XXXXX},
  TITLE = {Supersymmetric localization and the {S}elberg trace formula},
}

@ARTICLE{soundararajan2008,
  AUTHOR = {Soundararajan, Kannan},
  DATE = {2009},
  JOURNALTITLE = {Annals of Mathematics},
  PAGES = {981--993},
  TITLE = {Moments of the {R}iemann zeta function},
  VOLUME = {170},
}

@ARTICLE{bagmazumder2024,
  AUTHOR = {Bag, N. and Mazumder, D.},
  DATE = {2024},
  JOURNALTITLE = {Journal of Number Theory},
  NOTE = {To appear},
  TITLE = {Weighted exponential sums and the {L}indelöf hypothesis},
}

@BOOK{vandergeer2008,
  AUTHOR = {van der Geer, Gerard},
  PUBLISHER = {Springer},
  BOOKTITLE = {The 1-2-3 of Modular Forms},
  DATE = {2008},
  PAGES = {181--245},
  TITLE = {Siegel modular forms and their applications},
}

@BOOK{davenport2000,
  AUTHOR = {Davenport, Harold},
  PUBLISHER = {Springer},
  DATE = {2000},
  EDITION = {3rd},
  TITLE = {Multiplicative Number Theory},
}

@BOOK{iwanieckowalski2004,
  AUTHOR = {Iwaniec, Henryk and Kowalski, Emmanuel},
  PUBLISHER = {American Mathematical Society},
  DATE = {2004},
  TITLE = {Analytic Number Theory},
}

@BOOK{langlands1976,
  AUTHOR = {Langlands, Robert P.},
  PUBLISHER = {Springer},
  DATE = {1976},
  TITLE = {On the Functional Equations Satisfied by {E}isenstein Series},
}

@ARTICLE{deligne1974,
  AUTHOR = {Deligne, Pierre},
  DATE = {1974},
  JOURNALTITLE = {Publications Mathématiques de l'IHÉS},
  PAGES = {273--307},
  TITLE = {La conjecture de Weil. {I}},
  VOLUME = {43},
}

@ARTICLE{deligne1980,
  AUTHOR = {Deligne, Pierre},
  DATE = {1980},
  JOURNALTITLE = {Publications Mathématiques de l'IHÉS},
  PAGES = {137--252},
  TITLE = {La conjecture de Weil. {II}},
  VOLUME = {52},
}

@BOOK{weil1948,
  AUTHOR = {Weil, André},
  LOCATION = {Paris},
  PUBLISHER = {Hermann},
  DATE = {1948},
  TITLE = {Sur les courbes algébriques et les variétés qui s'en déduisent},
}

@ARTICLE{hasse1936,
  AUTHOR = {Hasse, Helmut},
  DATE = {1936},
  JOURNALTITLE = {J. Reine Angew. Math.},
  PAGES = {193--208},
  TITLE = {Zur Theorie der abstrakten elliptischen Funktionenkörper {III}},
  VOLUME = {175},
}

@ARTICLE{grothendieck1965,
  AUTHOR = {Grothendieck, Alexander},
  DATE = {1965},
  JOURNALTITLE = {Séminaire Bourbaki},
  TITLE = {Formule de Lefschetz et rationalité des fonctions {L}},
  VOLUME = {279},
}

@ARTICLE{soundararajan2009,
  AUTHOR = {Soundararajan, Kannan},
  DATE = {2009},
  JOURNALTITLE = {Annals of Mathematics},
  NUMBER = {2},
  PAGES = {981--993},
  TITLE = {Moments of the {R}iemann zeta function},
  VOLUME = {170},
}

@ARTICLE{heath-brown2024,
  AUTHOR = {Heath-Brown, D. R.},
  DATE = {2024},
  JOURNALTITLE = {Bulletin of the London Mathematical Society},
  PAGES = {1--15},
  TITLE = {Recent progress on exponential sums related to the {R}iemann zeta function},
  VOLUME = {56},
}

